@InCollection{Abeille2003,
   author = {A. Abeill\'{e} and L. Cl\'{e}ment and F. Toussenel},
   title = {Building a treebank for French},
   editor = {A. Abeill\'{e}},
   booktitle = {Treebanks},
   publisher = { Kluwer},
   address = {Dordrecht}, 
   year = {2003},
}

@InProceedings{Clement2004,
    author = {Lionel Cl\'{e}ment and Beno\^{i}t Sagot and Bernard Lang},
    title = {Morphology Based Automatic Acquisition of Large-coverage Lexica},
    booktitle = {Proceedings of the Fourth International Conference on Language Resources and Evaluation, {LREC} 2004},
    publisher = {European Language Resources Association},
    month = {May},
    year = {2004},
    location = {Lisbon, Portugal}
}

@InProceedings{Crabbe08,
   author = {B. Crabb\'e and M.~-H. Candito},
   title = {Exp\'eriences d'analyse syntaxique statistique du fran\c{c}ais},
   booktitle = {Actes de TALN'08},
   year = {2008}
}

@inproceedings{cunningham2002gate,
  title = {GATE: an architecture for development of robust HLT applications},
  author = {Cunningham, Hamish and Maynard, Diana and Bontcheva, Kalina and Tablan, Valentin},
  booktitle = {Proceedings of the 40th annual meeting on association for computational linguistics},
  pages = {168--175},
  year = {2002},
  organization = {Association for Computational Linguistics}
}


@inproceedings{
dupont2017exploration,
    title = {{Exploration de traits pour la reconnaissance d’entités nommées du Français par apprentissage automatique}},
    author = {Dupont, Yoann},
    booktitle = {24e Conférence sur le Traitement Automatique des Langues Naturelles (TALN)},
    pages = {42},
    year = {2017}
}

@inproceedings{
finkel2004exploiting,
    title={Exploiting context for biomedical entity recognition: From syntax to the web},
    author={Finkel, Jenny and Dingare, Shipra and Nguyen, Huy and Nissim, Malvina and Manning, Christopher and Sinclair, Gail},
    booktitle={Proceedings of the International Joint Workshop on Natural Language Processing in Biomedicine and its Applications},
    pages={88--91},
    year={2004},
    organization={Association for Computational Linguistics}
}

@InProceedings{lavergne2010practical,
    author = {Lavergne, Thomas and Capp\'{e}, Olivier and Yvon, Fran\c{c}ois},
    title = {Practical Very Large Scale {CRFs}},
    booktitle = {Proceedings the 48th Annual Meeting of the Association for
                Computational Linguistics ({ACL})},
    month = {July},
    year = {2010},
    location = {Uppsala, Sweden},
    publisher = {Association for Computational Linguistics},
    pages = {504--513},
    url = {http://www.aclweb.org/anthology/P10-1052}
}

@InProceedings{sagot2012annotation,
    author = {Beno\^{i}t Sagot and Marion Richard and Rosa Stern},
    title = {Annotation r\'{e}f\'{e}rentielle du Corpus Arbor\'{e} de Paris 7 en entit\'{e}s nomm\'{e}es},
    booktitle = {Actes de la 19e conf\'{e}rence sur le Traitement Automatique des Langues Naturelles},
    month = {June},
    year = {2012},
    address = {Grenoble, France},
    publisher = {Association pour le Traitement Automatique des Langues},
    pages = {535--542},
    url = {http://www.atala.org/taln_archives/TALN/TALN-2012/taln-2012-court-026},
}

@inproceedings{stenetorp2012brat,
    title = {BRAT: a web-based tool for NLP-assisted text annotation},
    author = {Stenetorp, Pontus and Pyysalo, Sampo and Topi{\'c}, Goran and Ohta, Tomoko and Ananiadou, Sophia and Tsujii, Jun'ichi},
    booktitle = {Proceedings of the Demonstrations at the 13th Conference of the European Chapter of the Association for Computational Linguistics},
    pages = {102--107},
    year = {2012},
    organization = {Association for Computational Linguistics}
}

@InProceedings{Tellier2012,
    author = {I. Tellier and D. Duchier and I. Eshkol and A. Courmet and M. Martinet},
    title = {Apprentissage automatique d'un chunker pour le fran{\c{c}}ais},
    booktitle = {Actes de TALN'12, papier court (poster)},
    year = {2012}
}

@InProceedings{Tellier_demo2012,
    author = {I. Tellier and Y. Dupont and A. Courmet},
    title = {Un segmenteur-{\'e}tiqueteur et un chunker pour le fran{\c{c}}ais},
    booktitle = {Actes de TALN'12, session d{\'e}mo},
    year = {2012}
}
